@misc{seq,
    title = {Seq},
    author = {{Datalust}},
    year = {2025},
    howpublished = {\url{https://datalust.co/seq}},
    note = {[Online; accessed 06-May-2025]}
}

